<?xml version="1.0" encoding="UTF-8"?><record xmlns="http://www.loc.gov/MARC21/slim" xmlns:cinclude="http://apache.org/cocoon/include/1.0" xmlns:zs="http://www.loc.gov/zing/srw/">
  <leader>00709cz  a2200169n  4500</leader>
  <controlfield tag="001">n  82237137 </controlfield>
  <controlfield tag="003">DLC</controlfield>
  <controlfield tag="005">19930208100320.8</controlfield>
  <controlfield tag="008">831213n| acannaab|          |a aaa |||  </controlfield>
  <datafield tag="010" ind1=" " ind2=" ">
    <subfield code="a">n  82237137 </subfield>
  </datafield>
  <datafield tag="040" ind1=" " ind2=" ">
    <subfield code="a">DLC</subfield>
    <subfield code="c">DLC</subfield>
    <subfield code="d">DLC</subfield>
  </datafield>
  <datafield tag="100" ind1="1" ind2="0">
    <subfield code="a">McCorison, Marcus A.</subfield>
    <subfield code="q">(Marcus Allen)</subfield>
  </datafield>
  <datafield tag="400" ind1="1" ind2="0">
    <subfield code="w">nnaa</subfield>
    <subfield code="a">McCorison, Marcus Allen</subfield>
  </datafield>
  <datafield tag="400" ind1="1" ind2="0">
    <subfield code="a">McCorison, M. A.</subfield>
    <subfield code="q">(Marcus Allen)</subfield>
  </datafield>
  <datafield tag="670" ind1=" " ind2=" ">
    <subfield code="a">Thomas, I. The hist. of prtg. in America, c1970:</subfield>
    <subfield code="b">t.p. (Marcus A. McCorison) pref. (M.A. McCorison, American Antiquarian Soc.)</subfield>
  </datafield>
  <datafield tag="670" ind1=" " ind2=" ">
    <subfield code="a">LC data base, 12/7/83</subfield>
    <subfield code="b">(hdg.: McCorison, Marcus Allen; no usage)</subfield>
  </datafield>
  <datafield tag="670" ind1=" " ind2=" ">
    <subfield code="a">NUCMC data from N.E. Hist. Geneal. Soc. for McCorison, J.L. Papers, 1925-1985</subfield>
    <subfield code="b">(Marcus Allen McCorison; b. 1926)</subfield>
  </datafield>
</record>